
@article{levi:2007,
	author = {Retsef Levi and Martin PÃ¡l and Robin O. Roundy and David B. Shmoys},
	title = {Approximation Algorithms for Stochastic Inventory Control Models},
	journal = {Mathematics of Operations Research},
	volume = {32},
	number = {2},
	pages = {284-302},
	year = {2007},
	doi = {10.1287/moor.1060.0205}
}

@article{levi:2008,
	author = {Retsef Levi and Robin O. Roundy and David B. Shmoys and Van Anh Truong},
	title = {Approximation Algorithms for Capacitated Stochastic Inventory Control Models},
	journal = {Operations Research},
	volume = {56},
	number = {5},
	pages = {1184-1199},
	year = {2008},
	doi = {10.1287/opre.1080.0580}
}

@techreport{hurley:2007,
	title={New policies for stochastic inventory control models--theoretical and computational results},
	author={Hurley, Gavin and Jackson, Peter and Levi, Retsef and Roundy, Robin O and Shmoys, David B},
	journal={INFORMS},
 	year={2007}
}
