@article{levi:2007,
	author = {Retsef Levi and Martin PÃ¡l and Robin O. Roundy and David B. Shmoys},
	title = {Approximation Algorithms for Stochastic Inventory Control Models},
	journal = {Mathematics of Operations Research},
	volume = {32},
	number = {2},
	pages = {284-302},
	year = {2007},
	doi = {10.1287/moor.1060.0205}
}

@article{levi:2008,
	author = {Retsef Levi and Robin O. Roundy and David B. Shmoys and Van Anh Truong},
	title = {Approximation Algorithms for Capacitated Stochastic Inventory Control Models},
	journal = {Operations Research},
	volume = {56},
	number = {5},
	pages = {1184-1199},
	year = {2008},
	doi = {10.1287/opre.1080.0580}
}

@article{levi:2016,
  title={Provably Near-Optimal Balancing Policies for Multi-Echelon Stochastic Inventory Control Models},
  author={Levi, Retsef and Roundy, Robin and Truong, Van Anh and Wang, Xinshang},
  journal={Mathematics of Operations Research},
  volume={42},
  number={1},
  pages={256--276},
  year={2016},
  publisher={INFORMS}
}

@techreport{hurley:2007,
	title={New policies for stochastic inventory control models--theoretical and computational results},
	author={Hurley, Gavin and Jackson, Peter and Levi, Retsef and Roundy, Robin O and Shmoys, David B},
	journal={INFORMS},
 	year={2007}
}

@article{arbenz:2011,
   author = {{Arbenz}, P. and {Embrechts}, P. and {Puccetti}, G.},
    title = "{The AEP algorithm for the fast computation of the distribution of the sum of dependent random variables}",
  journal = {ArXiv e-prints},
archivePrefix = "arXiv",
   eprint = {1106.2920},
 primaryClass = "math.ST",
 keywords = {Mathematics - Statistics Theory},
     year = 2011,
    month = jun,
}

@phdthesis{yu:2010,
  title={Evaluation of cost balancing policies in multi-echelon stochastic inventory control problems},
  author={Yu, Qian},
  year={2010},
  school={Massachusetts Institute of Technology}
}

@article{evans:2004,
  title={Algorithms for computing the distributions of sums of discrete random variables},
  author={Evans, Diane L and Leemis, Lawrence M},
  journal={Mathematical and Computer Modelling},
  volume={40},
  number={13},
  pages={1429--1452},
  year={2004},
  publisher={Elsevier}
}